<?xml version="1.0" encoding="UTF-8"?><collection xmlns="http://www.loc.gov/MARC21/slim"><record><leader>00510nam--2200181-i-4500</leader><controlfield tag="001">000022981</controlfield><controlfield tag="002">20161230</controlfield><controlfield tag="005">20161230201034</controlfield><controlfield tag="008">060222s1000------------r-----000-0-eng-d</controlfield><datafield ind1=" " ind2=" " tag="040"><subfield code="a">IFIN-HH</subfield></datafield><datafield ind1=" " ind2=" " tag="080"><subfield code="a">530.145:538.3</subfield></datafield><datafield ind1="1" ind2=" " tag="100"><subfield code="a">Grimes,Dale M</subfield></datafield><datafield ind1="1" ind2="0" tag="245"><subfield code="a">Electromagnetism and quantum theory</subfield><subfield code="c">Dale m. grimes</subfield></datafield><datafield ind1=" " ind2=" " tag="260"><subfield code="a">New York</subfield><subfield code="b">Academic Press</subfield><subfield code="c">1969</subfield></datafield><datafield ind1=" " ind2=" " tag="300"><subfield code="a">XV+151P</subfield></datafield><datafield ind1=" " ind2=" " tag="490"><subfield code="a">Electrical Science. A Series Of Monographs And Texts</subfield></datafield><datafield ind1=" " ind2=" " tag="852"><subfield code="a">33065</subfield><subfield code="c">537:538</subfield></datafield><datafield ind1=" " ind2=" " tag="CAT"><subfield code="a">Sys</subfield><subfield code="c">20110616</subfield><subfield code="h">125847</subfield></datafield></record></collection>